<?xml version="1.0" encoding="utf-8"?>
<record xmlns="http://www.loc.gov/MARC21/slim" xmlns:xsi="http://www.w3.org/2001/XMLSchema-instance" xsi:schemaLocation="http://www.loc.gov/MARC21/slim http://www.loc.gov/standards/marcxml/schema/MARC21slim.xsd">
	<leader>     nam a22     Mi 4500</leader>
	<controlfield tag="001">b12365713</controlfield>
	<controlfield tag="003">LeBAU</controlfield>
	<controlfield tag="006">m        d        </controlfield>
	<controlfield tag="007">cr cn |||m|||a</controlfield>
	<controlfield tag="008">181218s1928    le      ob    ||0 0 ara d</controlfield>
	<datafield ind1=" " ind2=" " tag="040">
		<subfield code="a">ZYU</subfield>
		<subfield code="b">ara</subfield>
		<subfield code="e">rda</subfield>
		<subfield code="c">ZYU</subfield>
	</datafield>
	<datafield ind1="0" ind2="4" tag="082">
		<subfield code="a">297.38</subfield>
		<subfield code="2">20</subfield>
	</datafield>
	<datafield ind1="1" ind2=" " tag="100">
		<subfield code="6">880-01</subfield>
		<subfield code="a">ʻĀmilī, Muḥsin al-Ḥusaynī,</subfield>
		<subfield code="d">1865-1952,</subfield>
		<subfield code="e">author.</subfield>
	</datafield>
	<datafield ind1="1" ind2="0" tag="245">
		<subfield code="6">880-02</subfield>
		<subfield code="a">Risālat al-tanzīh li-aʻmāl al-shabīh /</subfield>
		<subfield code="c">taʼlīf al-ʻallāmah al-sayyid Muḥsin al-Amīn al-Ḥusaynī al-ʻĀmilī.</subfield>
	</datafield>
	<datafield ind1=" " ind2=" " tag="250">
		<subfield code="6">880-03</subfield>
		<subfield code="a">al-Ṭabʻah al-ūlá.</subfield>
	</datafield>
	<datafield ind1=" " ind2="1" tag="264">
		<subfield code="6">880-04</subfield>
		<subfield code="a">Ṣaydā :</subfield>
		<subfield code="b">Maṭbaʻat al-ʻIrfān,</subfield>
		<subfield code="c">1347 [H.], [1928? M.]</subfield>
	</datafield>
	<datafield ind1=" " ind2=" " tag="300">
		<subfield code="6">880-05</subfield>
		<subfield code="a">online resource (32 pages)</subfield>
	</datafield>
	<datafield ind1=" " ind2=" " tag="336">
		<subfield code="a">text</subfield>
		<subfield code="2">rdacontent</subfield>
	</datafield>
	<datafield ind1=" " ind2=" " tag="337">
		<subfield code="a">computer</subfield>
		<subfield code="2">rdamedia</subfield>
	</datafield>
	<datafield ind1=" " ind2=" " tag="338">
		<subfield code="a">online resource</subfield>
		<subfield code="2">rdacarrier</subfield>
	</datafield>
	<datafield ind1=" " ind2=" " tag="500">
		<subfield code="a">&quot;تتضمن الكلام على ما يدخل في عمل الشبيه وإقامة العزاء للإمام الحسين الشهيد عليه السلام من المحرمات والتحذير منها.&quot;</subfield>
	</datafield>
	<datafield ind1=" " ind2=" " tag="500">
		<subfield code="a">Part of the Arabic Collections Online (ACO) project, contributed by American University of Beirut's Jafet Memorial Library.</subfield>
	</datafield>
	<datafield ind1=" " ind2=" " tag="504">
		<subfield code="a">يتضمن مراجع ببليوغرافية.</subfield>
	</datafield>
	<datafield ind1=" " ind2=" " tag="533">
		<subfield code="a">Electronic reproduction.</subfield>
		<subfield code="b">New York, N.Y. :</subfield>
		<subfield code="c">New York University,</subfield>
		<subfield code="d">2018.</subfield>
		<subfield code="5">NNU</subfield>
	</datafield>
	<datafield ind1="1" ind2="0" tag="600">
		<subfield code="a">العاملي، محسن الحسيني،</subfield>
		<subfield code="d">1865-1952.</subfield>
		<subfield code="t">التنزيه لأعمال الشبيه.</subfield>
	</datafield>
	<datafield ind1="1" ind2="0" tag="600">
		<subfield code="a">ʻĀmilī, Muḥsin al-Ḥusaynī,</subfield>
		<subfield code="d">1865-1952.</subfield>
		<subfield code="t">Tanzīh li-aʻmāl al-shabīh.</subfield>
	</datafield>
	<datafield ind1=" " ind2="4" tag="650">
		<subfield code="a">عاشوراء.</subfield>
	</datafield>
	<datafield ind1=" " ind2="4" tag="650">
		<subfield code="a">الشيعة</subfield>
		<subfield code="x">طقوس.</subfield>
	</datafield>
	<datafield ind1=" " ind2="4" tag="650">
		<subfield code="a">الشيعة</subfield>
		<subfield code="x">عادات وممارسات.</subfield>
	</datafield>
	<datafield ind1=" " ind2="0" tag="650">
		<subfield code="a">Tenth of Muharram.</subfield>
	</datafield>
	<datafield ind1=" " ind2="0" tag="650">
		<subfield code="a">Shi'ah</subfield>
		<subfield code="x">Rituals.</subfield>
	</datafield>
	<datafield ind1=" " ind2="0" tag="650">
		<subfield code="a">Shi'ah</subfield>
		<subfield code="x">Customs and practices.</subfield>
	</datafield>
	<datafield ind1="2" ind2=" " tag="710">
		<subfield code="a">Jafet Memorial Library.</subfield>
	</datafield>
	<datafield ind1="0" ind2=" " tag="730">
		<subfield code="a">Arabic Collections Online.</subfield>
	</datafield>
	<datafield ind1="0" ind2="8" tag="776">
		<subfield code="i">Print version:</subfield>
		<subfield code="a">ʻĀmilī, Muḥsin al-Ḥusaynī, 1865-1952, author.</subfield>
		<subfield code="t">Risālat al-tanzīh li-aʻmāl al-shabīh</subfield>
		<subfield code="w">(LeBAU)b12365713</subfield>
	</datafield>
	<datafield ind1="0" ind2=" " tag="787">
		<subfield code="6">880-06</subfield>
		<subfield code="i">is critiqued in (work)</subfield>
		<subfield code="4">http://rdaregistry.info/Elements/w/P10115:</subfield>
		<subfield code="a">Naqawī, ʻAlī Naqī.</subfield>
		<subfield code="t">Risālat iqālat al-ʻāthir fī iqāmat al-shaʻāʼir : naẓarīyāt sharīfah ḥawla mawāḍīʻ Risālat al-Tanzīh fī aʻmāl al-shabīh al-Sūrīyah.</subfield>
		<subfield code="d">al-Najaf al-Ashraf : al-Maṭbaʻah al-Ḥaydarīyah, 1347 H., [1928? M.]</subfield>
		<subfield code="w">(OCoLC)784271561</subfield>
		<subfield code="w">(OCoLC)784271561</subfield>
	</datafield>
	<datafield ind1="0" ind2=" " tag="787">
		<subfield code="6">880-07</subfield>
		<subfield code="i">is critiqued in (work)</subfield>
		<subfield code="4">http://rdaregistry.info/Elements/w/P10115:</subfield>
		<subfield code="a">Sabītī, ʻAbd Allāh.</subfield>
		<subfield code="t">Rannat al-asá, aw, naẓrah fī risālat al-tanzīh li-aʻmāl al-shabīh.</subfield>
		<subfield code="d">Baghdād : Maṭbaʻat al-Najāḥ, 1347 [H.], [1928? M.]</subfield>
		<subfield code="w">(OCoLC)784271635</subfield>
		<subfield code="w">(OCoLC)784271635</subfield>
	</datafield>
	<datafield ind1="0" ind2=" " tag="787">
		<subfield code="6">880-08</subfield>
		<subfield code="i">is critiqued in (work)</subfield>
		<subfield code="4">http://rdaregistry.info/Elements/w/P10115:</subfield>
		<subfield code="a">Ḥillī, ʻAbd al-Ḥusayn, 1882 or 1883-1956.</subfield>
		<subfield code="t">Kitāb al-naqd al-nazīh li-risālat al-Tanzīh : wa-huwa yataḍamman taʼyīd al-shaʻāʼir al-Ḥusaynīyah wa-dafʻ al-shukūk wa-al-shubuhāt al-wāridah ʻalayhā.</subfield>
		<subfield code="d">al-Najaf al-Ashraf : al-Maṭbaʻah al-Ḥaydarīyah, 1347 H., [1928? M.]</subfield>
		<subfield code="w">(OCoLC)15039066</subfield>
		<subfield code="w">(OCoLC)15039066</subfield>
	</datafield>
	<datafield ind1="4" ind2="0" tag="856">
		<subfield code="u">http://hdl.handle.net/2333.1/cvdncs23</subfield>
	</datafield>
	<datafield ind1="1" ind2=" " tag="880">
		<subfield code="6">100-01</subfield>
		<subfield code="a">العاملي، محسن الحسيني،</subfield>
		<subfield code="d">1865-1952،</subfield>
		<subfield code="e">مؤلف. </subfield>
		<subfield code="4">aut.</subfield>
	</datafield>
	<datafield ind1="1" ind2="0" tag="880">
		<subfield code="6">245-02</subfield>
		<subfield code="a">رسالة التنزيه لأعمال الشبيه /</subfield>
		<subfield code="c">تأليف العلامة السيد محسن الأمين الحسيني العاملي.</subfield>
	</datafield>
	<datafield ind1=" " ind2=" " tag="880">
		<subfield code="6">250-03</subfield>
		<subfield code="a">الطبعة الأولى.</subfield>
	</datafield>
	<datafield ind1=" " ind2="1" tag="880">
		<subfield code="6">264-04</subfield>
		<subfield code="a">صيدا :</subfield>
		<subfield code="b">مطبعة العرفان،</subfield>
		<subfield code="c">1347 [هـ.]، [1928؟ م.]</subfield>
	</datafield>
	<datafield ind1=" " ind2=" " tag="880">
		<subfield code="6">300-05</subfield>
		<subfield code="a">32 صفحة ؛</subfield>
		<subfield code="c">23 سم</subfield>
	</datafield>
	<datafield ind1="0" ind2=" " tag="880">
		<subfield code="6">787-06</subfield>
		<subfield code="i">منتقد في (عمل)</subfield>
		<subfield code="4">http://rdaregistry.info/Elements/w/P10115:</subfield>
		<subfield code="a">النقوى، علي نقي.</subfield>
		<subfield code="t">رسالة إقالة العاثر في إقامة الشعائر : نظريات شريفة حول مواضيع رسالة التنزيه في أعمال الشبيه السورية.</subfield>
		<subfield code="d">النجف الأشرف : المطبعة الحيدرية، 1347 هـ.، [1928؟ م.]</subfield>
		<subfield code="w">b1236583x</subfield>
		<subfield code="w">(OCoLC)784271561</subfield>
	</datafield>
	<datafield ind1="0" ind2=" " tag="880">
		<subfield code="6">787-07</subfield>
		<subfield code="i">منتقد في (عمل)</subfield>
		<subfield code="4">http://rdaregistry.info/Elements/w/P10115:</subfield>
		<subfield code="a">السبيتي، عبد الله.</subfield>
		<subfield code="t">رنة الأسى، أو، نظرة في رسالة التنزيه لأعمال الشبيه.</subfield>
		<subfield code="d">بغداد : مطبعة النجاح، 1347 [هـ.]، [1928؟ م.]</subfield>
		<subfield code="w">b12365889</subfield>
		<subfield code="w">(OCoLC)784271635</subfield>
	</datafield>
	<datafield ind1="0" ind2=" " tag="880">
		<subfield code="6">787-08</subfield>
		<subfield code="i">منتقد في (عمل)</subfield>
		<subfield code="4">http://rdaregistry.info/Elements/w/P10115:</subfield>
		<subfield code="a">الحلي، عبد الحسين، 1882 او 1883-1956.</subfield>
		<subfield code="t">كتاب النقد النزيه لرسالة التنزيه : وهو يتضمن تأييد الشعائر الحسينية ودفع الشكوك والشبهات الواردة عليها</subfield>
		<subfield code="d">النجف : المطبعة الحيدرية،  1347 [هـ.]، [1928؟ م.]</subfield>
		<subfield code="w">b12365762</subfield>
		<subfield code="w">(OCoLC)15039066</subfield>
	</datafield>
	<datafield ind1=" " ind2=" " tag="959">
		<subfield code="a">NNU</subfield>
		<subfield code="b">WEB</subfield>
		<subfield code="c">GENI</subfield>
		<subfield code="t">0</subfield>
		<subfield code="m">Electronic access</subfield>
		<subfield code="s">01</subfield>
	</datafield>
	<datafield ind1=" " ind2=" " tag="999">
		<subfield code="i">LeBAU_b12365713</subfield>
		<subfield code="s">aub_aco002289</subfield>
		<subfield code="e">(ERROR-MISC)</subfield>
	</datafield>
</record>
